<?xml version="1.0" encoding="UTF-8"?><collection xmlns="http://www.loc.gov/MARC21/slim"><record><leader>00431nam--2200169-u-4500</leader><controlfield tag="001">000056343</controlfield><controlfield tag="002">20161230</controlfield><controlfield tag="005">20170131150106</controlfield><controlfield tag="008">150714s1000------------r-----000-0-eng-d</controlfield><datafield ind1=" " ind2=" " tag="040"><subfield code="a">IFIN-HH</subfield></datafield><datafield ind1=" " ind2=" " tag="041"><subfield code="a">eng</subfield></datafield><datafield ind1="1" ind2=" " tag="100"><subfield code="a">Wille, Klaus</subfield></datafield><datafield ind1="1" ind2="0" tag="245"><subfield code="a">The Physics of Particle Accelerators</subfield><subfield code="c">Klaus Wille</subfield></datafield><datafield ind1=" " ind2=" " tag="260"><subfield code="b">Oxford University Press</subfield><subfield code="c">2005</subfield></datafield><datafield ind1=" " ind2=" " tag="300"><subfield code="a">XIII+315p</subfield></datafield><datafield ind1=" " ind2=" " tag="852"><subfield code="a">82421</subfield><subfield code="c">621.386.4</subfield></datafield><datafield ind1=" " ind2=" " tag="CAT"><subfield code="a">SYS</subfield><subfield code="c">20170131</subfield><subfield code="h">150106</subfield></datafield></record></collection>